@inbook{doi:10.2514/6.2025-0741,
  title         = {
    Effect of Synthetic Aviation Fuels on the Stochastic Ignition of Fuel
    Droplets on Hot Surfaces
  },
  author        = {
    Guillaume Vignat and Yichi Ma and Jen Zen Ho and Younghwa Cho and Nozomu
    Hashimoto and Timoteo Dinelli and Taekeun Yoon and Colette Fisher and
    Matthias Ihme
  },
  booktitle     = {AIAA SCITECH 2025 Forum},
  pages         = {},
  doi           = {https://doi.org/10.2514/6.2025-0741},
  url           = {https://arc.aiaa.org/doi/abs/10.2514/6.2025-0741},
  chapter       = {},
  author+an     = {6=highlight},
  keywords      = {refereed}
}

@article{NOBILI2024113697,
  title         = {
    Kinetic modeling of carbonaceous particle morphology, polydispersity and
    nanostructure through the discrete sectional approach
  },
  author        = {
    Andrea Nobili and Niccol\`{o} Fanari and Timoteo Dinelli and Edoardo
    Cipriano and Alberto Cuoci and Matteo Pelucchi and Alessio Frassoldati and
    Tiziano Faravelli
  },
  year          = {2024},
  journal       = {Combustion and Flame},
  volume        = {269},
  pages         = {113697},
  doi           = {https://doi.org/10.1016/j.combustflame.2024.113697},
  issn          = {0010-2180},
  url           = {https://www.sciencedirect.com/science/article/pii/S0010218024004061},
  keywords      = {
    Carbonaceous nanoparticles, Morphology, Nanostructure, Kinetic model,
    refereed
  },
  author+an     = {3=highlight}
}

@article{dinelli_data-driven_2024,
  title         = {
    A data-driven, lumped kinetic modeling of {OME}\textsubscript{2-5}
    pyrolysis and oxidation
  },
  author        = {
    Dinelli, Timoteo and Pegurri, Alessandro and Bertolino, Andrea and Parente,
    Alessandro and Faravelli, Tiziano and Mehl, Marco and Stagni, Alessandro
  },
  volume        = {40},
  number        = {1},
  pages         = {105547},
  doi           = {https://doi.org/10.1016/j.proci.2024.105547},
  issn          = {1540-7489},
  url           = {https://www.sciencedirect.com/science/article/pii/S1540748924003559},
  journaltitle  = {Proceedings of the Combustion Institute},
  date          = {2024},
  keywords      = {
    Chemical lumping, Kinetic modeling, Optimization, Oxymethylene ethers, Rate
    rules, refereed
  },
  author+an     = {1=highlight}
}

@article{pegurri_coupling_2024,
  title         = {
    Coupling chemical lumping to data-driven optimization for the kinetic
    modeling of dimethoxymethane ({DMM}) combustion
  },
  author        = {
    Pegurri, Alessandro and Dinelli, Timoteo and Pratali Maffei, Luna and
    Faravelli, Tiziano and Stagni, Alessandro
  },
  year          = {2024},
  month         = feb,
  journal       = {Combustion and Flame},
  volume        = {260},
  pages         = {113202},
  doi           = {10.1016/j.combustflame.2023.113202},
  issn          = {0010-2180},
  url           = {https://www.sciencedirect.com/science/article/pii/S001021802300576X},
  urldate       = {2023-11-30},
  keywords      = {
    Chemical lumping, DMM, Dimethoxymethane, Kinetic modeling, Numerical
    optimization, Oxymethylene ethers, refereed
  },
  author+an     = {2=highlight}
}

@inproceedings{2023-24-0092,
  title         = {
    Automated Kinetic Mechanism Evaluation for e-Fuels Using SciExpeM: The Case
    of Oxymethylene Ethers
  },
  author        = {
    Dinelli, Timoteo and Pratali Maffei, Luna and Pegurri, Alessandro and Puri,
    Amedeo and Stagni, Alessandro and Faravelli, Tiziano
  },
  year          = {2023},
  month         = aug,
  booktitle     = {16th International Conference on Engines \& Vehicles},
  publisher     = {SAE International},
  doi           = {https://doi.org/10.4271/2023-24-0092},
  url           = {https://doi.org/10.4271/2023-24-0092},
  keywords      = {refereed},
  author+an     = {1=highlight}
}

@article{ramalli_automatic_2023,
  title         = {
    Automatic validation and analysis of predictive models by means of big data
    and data science
  },
  author        = {
    Ramalli, Edoardo and Dinelli, Timoteo and Nobili, Andrea and Stagni,
    Alessandro and Pernici, Barbara and Faravelli, Tiziano
  },
  year          = {2023},
  month         = feb,
  journal       = {Chemical Engineering Journal},
  volume        = {454},
  pages         = {140149},
  doi           = {10.1016/j.cej.2022.140149},
  issn          = {13858947},
  url           = {https://linkinghub.elsevier.com/retrieve/pii/S1385894722056297},
  urldate       = {2023-11-04},
  language      = {en},
  keywords      = {refereed},
  author+an     = {2=highlight}
}
